
@online{pipelined_fir_transposed,
  title     = {Pipelined Direct-Form FIR Versus the Transposed Structure},
  author    = {{All About Circuits}},
  year      = {2024},
  url       = {https://www.allaboutcircuits.com/technical-articles/pipelined-direct-form-fir-versus-the-transposed-structure/},
  urldate   = {2024-12-27}
}
