
@INPROCEEDINGS{AMFPlacer,  
   title={AMF-Placer: High-Performance Analytical Mixed-size Placer for FPGA},
   author={Liang, Tingyuan and Chen, Gengjie and Zhao, Jieru and Sinha, Sharad and Zhang, Wei},  
   booktitle={2021 IEEE/ACM International Conference on Computer-Aided Design (ICCAD)},   
   year={2021},  volume={},  number={},  pages={1-6},
}

@ARTICLE{liang2024amf,
  author={Liang, Tingyuan and Chen, Gengjie and Zhao, Jieru and Sinha, Sharad and Zhang, Wei},
  journal={IEEE Transactions on Computer-Aided Design of Integrated Circuits and Systems}, 
  title={AMF-Placer 2.0: Open Source Timing-Driven Analytical Mixed-Size Placer for Large-Scale Heterogeneous FPGA}, 
  year={2024},
  volume={},
  number={},
  pages={1-1},
  keywords={Field programmable gate arrays;Timing;Computer architecture;Microprocessors;Table lookup;Routing;Standards;timing-driven placement;analytical placement;mixed-size placement;FPGA},
  doi={10.1109/TCAD.2024.3373357}}
