
@ARTICLE{ProCha,
    author={Markov, Igor L. and Hu, Jin and Kim, Myung-Chul},
    journal={Proceedings of the IEEE}, 
    title={Progress and Challenges in VLSI Placement Research}, 
    year={2015},
    volume={103},
    number={11},
    pages={1985-2003},
    keywords={Optimization;Approximation methods;Very large scale integration;Markov processes;Mathematical model;Very large scale integration;Integrated circuit layout;Circuit placement;large-scale optimization;layout;Circuit placement;large-scale optimization;layout},
    doi={10.1109/JPROC.2015.2478963}
}

@INPROCEEDINGS{ArchExplore,
    author={Mishra, Anubhav and Rao, Nanditha and Gore, Ganesh and Tang, Xifan},
    booktitle={2023 IEEE Asia Pacific Conference on Circuits and Systems (APCCAS)}, 
    title={Architectural Exploration of Heterogeneous FPGAs for Performance Enhancement of ML Benchmarks}, 
    year={2023},
    volume={},
    number={},
    pages={232-235},
    keywords={Layout;Random access memory;Machine learning;Organizations;Benchmark testing;Routing;Fabrics;FPGA;Heterogeneous blocks;placement;performance;machine learning},
    doi={10.1109/APCCAS60141.2023.00060}
}

@article{ExploreHetero,
    author = {Farooq, Umer and Parvez, Husain and Mehrez, Habib and Marrakchi, Zied},
    title = {Exploration of heterogeneous FPGA architectures},
    year = {2011},
    issue_date = {January 2011},
    publisher = {Hindawi Limited},
    address = {London, GBR},
    volume = {2011},
    issn = {1687-7195},
    url = {https://doi.org/10.1155/2011/121404},
    doi = {10.1155/2011/121404},
    journal = {Int. J. Reconfig. Comput.},
    month = {jan},
    articleno = {2},
    numpages = {18}
}
