
@inproceedings{AP_2000,
    author = {Kennings, Andrew A. and Markov, Igor L.},
    title = {Analytical minimization of half-perimeter wirelength},
    year = {2000},
    isbn = {0780359747},
    publisher = {Association for Computing Machinery},
    address = {New York, NY, USA},
    url = {https://doi.org/10.1145/368434.368600},
    doi = {10.1145/368434.368600},
    booktitle = {Proceedings of the 2000 Asia and South Pacific Design Automation Conference},
    pages = {179â€“184},
    numpages = {6},
    location = {Yokohama, Japan},
    series = {ASP-DAC '00}
}

@ARTICLE{HierPlace,
    author={Areibi, S. and Grewal, G. and Banerji, D. and Du, P.},
    journal={Canadian Journal of Electrical and Computer Engineering}, 
    title={Hierarchical FPGA placement}, 
    year={2007},
    volume={32},
    number={1},
    pages={53-64},
    keywords={Field programmable gate arrays;Programmable logic arrays;Digital circuits;Logic circuits;Integrated circuit interconnections;Costs;Application specific integrated circuits;Hardware;Routing;Time to market},
    doi={10.1109/CJECE.2007.364333}
}

@INPROCEEDINGS{AP_2012,
    author={Gort, Marcel and Anderson, Jason H.},
    booktitle={22nd International Conference on Field Programmable Logic and Applications (FPL)}, 
    title={Analytical placement for heterogeneous FPGAs}, 
    year={2012},
    volume={},
    number={},
    pages={143-150},
    keywords={Field programmable gate arrays;Law;Linear programming;Random access memory;Mathematical model;Equations},
    doi={10.1109/FPL.2012.6339278}
}

@INPROCEEDINGS{AP_2019,
    author={Chen, Jianli and Zhu, Wenxing and Yu, Jun and He, Lei and Chang, Yao-Wen},
    booktitle={2019 IEEE/ACM International Conference on Computer-Aided Design (ICCAD)}, 
    title={Analytical Placement with 3D Poisson's Equation and ADMM Based Optimization for Large-Scale 2.5D Heterogeneous FPGAs}, 
    year={2019},
    volume={},
    number={},
    pages={1-8},
    keywords={Field programmable gate arrays;Clocks;Minimization;Random access memory;Three-dimensional displays;Poisson equations;Optimization},
    doi={10.1109/ICCAD45719.2019.8942158}
}

@INPROCEEDINGS{FPGAAccel,
    author={Dhar, Shounak and Singhal, Love and Iyer, Mahesh and Pan, David},
    booktitle={2019 29th International Conference on Field Programmable Logic and Applications (FPL)}, 
    title={FPGA Accelerated FPGA Placement}, 
    year={2019},
    volume={},
    number={},
    pages={404-410},
    keywords={Field programmable gate arrays;Pins;Acceleration;Adders;Runtime;Tools;Measurement;FPGA;Placement;EDA;CAD;Acceleration},
    doi={10.1109/FPL.2019.00070}
}

@INPROCEEDINGS{AMFPlacer,  
    title={AMF-Placer: High-Performance Analytical Mixed-size Placer for FPGA},
    author={Liang, Tingyuan and Chen, Gengjie and Zhao, Jieru and Sinha, Sharad and Zhang, Wei},  
    booktitle={2021 IEEE/ACM International Conference on Computer-Aided Design (ICCAD)},   
    year={2021},  volume={},  number={},  pages={1-6},
}

@INPROCEEDINGS{DREAMPlaceFPGA,
    author={Rajarathnam, Rachel Selina and Alawieh, Mohamed Baker and Jiang, Zixuan and Iyer, Mahesh and Pan, David Z.},
    booktitle={2022 27th Asia and South Pacific Design Automation Conference (ASP-DAC)}, 
    title={DREAMPlaceFPGA: An Open-Source Analytical Placer for Large Scale Heterogeneous FPGAs using Deep-Learning Toolkit}, 
    year={2022},
    volume={},
    number={},
    pages={300-306},
    keywords={Performance evaluation;Runtime;Graphics processing units;Programming;Logic gates;Timing;Field programmable gate arrays},
    doi={10.1109/ASP-DAC52403.2022.9712562}
}

@INPROCEEDINGS{SAP_2023,
    author={Long, Honghong and Bai, Yu and Li, Yanze and Wang, Jian and Lai, Jinmei},
    booktitle={2023 IEEE 15th International Conference on ASIC (ASICON)}, 
    title={Optimizing Wirelength And Delay of FPGA Tile through Floorplanning Based on Simulated Annealing Algorithm}, 
    year={2023},
    volume={},
    number={},
    pages={1-4},
    keywords={Circuit optimization;Integrated circuit interconnections;Simulated annealing;Delays;Field programmable gate arrays;Optimization;Load modeling;simulated annealing algorithm;FPGA circuit optimization;FPGA tile floorplan;Half-Perimeter Wirelength},
    doi={10.1109/ASICON58565.2023.10396538}
}

@ARTICLE{AMFPlacer2,
    author={Liang, Tingyuan and Chen, Gengjie and Zhao, Jieru and Sinha, Sharad and Zhang, Wei},
    journal={IEEE Transactions on Computer-Aided Design of Integrated Circuits and Systems}, 
    title={AMF-Placer 2.0: Open Source Timing-Driven Analytical Mixed-Size Placer for Large-Scale Heterogeneous FPGA}, 
    year={2024},
    volume={},
    number={},
    pages={1-1},
    keywords={Field programmable gate arrays;Timing;Computer architecture;Microprocessors;Table lookup;Routing;Standards;timing-driven placement;analytical placement;mixed-size placement;FPGA},
    doi={10.1109/TCAD.2024.3373357}
}


