
@article{kraftwerk2,
    author = {Spindler, P. and Schlichtmann, U. and Johannes, F. M.},
    title = {Kraftwerk2—A Fast Force-Directed Quadratic Placement Approach Using an Accurate Net Model},
    year = {2008},
    issue_date = {August 2008},
    publisher = {IEEE Press},
    volume = {27},
    number = {8},
    issn = {0278-0070},
    url = {https://doi.org/10.1109/TCAD.2008.925783},
    doi = {10.1109/TCAD.2008.925783},
    journal = {Trans. Comp.-Aided Des. Integ. Cir. Sys.},
    month = {aug},
    pages = {1398–1411},
    numpages = {14},
    keywords = {bound2bound, hpwl, kraftwerk2, force-directed, half-perimeter wirelength (hpwl), quadratic placement}
}

@INPROCEEDINGS{VLSI_AP_2014,
    author={Ray, B.N.B. and Tripathy, Alok Ranjan and Samal, Pralipta and Das, Manimay and Mallik, Pushpanjali},
    booktitle={2014 International Conference on Information Technology}, 
    title={Half-Perimeter Wirelength Model for VLSI Analytical Placement}, 
    year={2014},
    volume={},
    number={},
    pages={287-292},
    keywords={Approximation methods;Analytical models;Upper bound;Mathematical model;Runtime;Accuracy;Integrated circuit modeling;Analytical Placement;Smooth max;function;Half-Perimeter;Wirelength;Model},
    doi={10.1109/ICIT.2014.61}
}

@INPROCEEDINGS{VLSI_AP_2017,
    author={Ray, B. N. Bhramar and Mohanty, Susil Kumar and Sethy, Debabrat and Ray, Rasheswari Bhramar},
    booktitle={2017 International Conference on Information Technology (ICIT)}, 
    title={HPWL Formulation for Analytical Placement Using Gaussian Error Function}, 
    year={2017},
    volume={},
    number={},
    pages={56-61},
    keywords={Integrated circuit modeling;Analytical models;Mathematical model;Benchmark testing;Cost function;Electronic mail;Delays;Analytical Placement;Half Perimeter Wirelength Model;Smooth Max Function;Gaussian Error Function},
    doi={10.1109/ICIT.2017.34}
}

@INPROCEEDINGS{DREAMPlace,
    author={Lin, Yibo and Dhar, Shounak and Li, Wuxi and Ren, Haoxing and Khailany, Brucek and Pan, David Z.},
    booktitle={2019 56th ACM/IEEE Design Automation Conference (DAC)}, 
    title={DREAMPIace: Deep Learning Toolkit-Enabled GPU Acceleration for Modern VLSI Placement}, 
    year={2019},
    volume={},
    number={},
    pages={1-6},
    keywords={Deep learning;Neural networks;Optimization;Graphics processing units;Acceleration;Training;Layout},
    doi={}
}

